/home/abis_m/papers/library/library.bib