/afs/psi.ch/project/cDPC/article_library/library.bib